@article{visJS2jupyter,
author = {Rosenthal, Sara Brin and Len, Julia and Webster, Mikayla and Gary, Aaron and Birmingham, Amanda and Fisch, Kathleen M},
title = {Interactive network visualization in Jupyter notebooks: visJS2jupyter},
journal = {Bioinformatics},
volume = {34},
number = {1},
pages = {126-128},
year = {2018},
doi = {10.1093/bioinformatics/btx581},
URL = {http://dx.doi.org/10.1093/bioinformatics/btx581},
}

@inproceedings{ref_1,
  title={title 1},
  author={A. Author},
  booktitle={book title},
  year={2010}
}
@article{ref_2,
  title={title 2},
  author={B. Author},
  journal={Journal},
  volume={35},
  number={10},
  pages={1217--1256},
  year={2010},
  publisher={Publisher}
}
@incollection{ref_3,
  title={title 3},
  author={C. Author},
  booktitle={book title},
  pages={595--606},
  year={2012},
  publisher={publisher}
}
